2274 3416
265 129 334 181 LIB.
351 129 384 192 I.‚
401 129 480 179 CAP.
495 129 584 178 XVII.
600 128 716 190 XVIII.‚
733 127 747 188 ἓ
765 131 852 178 53-60.
953 131 984 178 81

147 214 210 284 quis
220 215 312 266 bonus
327 213 438 266 dubitet
450 216 568 265 mortem
582 216 720 281 oppetere,
734 212 758 264 si
772 211 798 263 ei
813 213 849 265 sit
860 211 986 281 profutu-

147 297 213 348 rusl
245 296 306 361 Quo
320 298 361 346 est
375 293 568 345 detestabilior
579 293 696 344 istorum
709 293 875 359 immanitas,
887 293 935 361 qui
948 295 986 345 la·

148 380 276 429 cerarunt
285 373 361 427 omni
371 374 472 426 scelere
482 373 602 441 patriam
612 373 678 425 etin
688 372 857 425 eafunditus
867 374 988 425 delenda

149 454 280 524 occupati
289 458 317 506 et
327 457 392 506 sunt
403 458 431 505 et
440 452 559 506 fuerunt.
591 455 633 506 58.
648 453 704 505 Sed
714 453 736 504 si
750 453 893 505 contentio
906 468 987 521 quac-

150 536 215 587 dam
232 539 261 586 ct
276 532 447 602 comparatio
465 532 514 584 fiat
527 532 629 600 quibus
643 531 795 601 plurimum
808 533 989 586 tribuendum

150 615 187 667 sit
200 613 293 681 officii,
304 613 444 682 principes
456 612 513 664 sint
524 611 616 681 patria
629 618 657 664 et
666 619 802 680 parentes,
811 628 930 681 quorum
943 613 989 666 be-

131 749 134 754 ,
149 694 255 747 neficiis
264 693 394 746 maximis
404 692 525 760 obligati
537 707 638 759 sumus,
649 691 771 760 proximi
781 692 862 744 liberi
874 697 990 760 totaque

152 777 259 842 domus,
274 790 344 842 quae
362 777 471 842 spectat
486 773 517 824 in
534 788 586 824 nos
605 772 686 824 solos.
698 787 788 839 neque
807 772 886 824 aliud
901 774 990 825 ullum

150 859 245 924 potest
260 853 362 906 habere
377 851 545 922 perfugium,
559 851 694 920 deinceps
710 851 780 903 bene
795 851 992 904 convenientes

150 933 311 1006 propinqui,
331 932 499 1002 quibuscum
521 930 675 984 communis
697 931 782 984 etiam
802 931 914 984 fortuna
934 934 993 1002 ple-

152 1030 269 1082 rumque
284 1018 334 1066 est,
357 1014 466 1082 ,Quam
479 1013 586 1073 obrem
601 1011 754 1064 necessaria
765 1012 907 1082 praesidia
918 1013 993 1067 vitae
1038 1007 1044 1020 ’

153 1094 293 1146 debentur
308 1093 343 1145 iis
361 1093 492 1160 maxime,
506 1108 576 1161 quos
591 1097 655 1144 ante
671 1092 813 1157 dixi,.vita
828 1097 922 1144 autem
937 1093 993 1145 vic-

152 1178 253 1242 tusque
277 1174 440 1241 eommunis,
462 1172 587 1241 consilia,
609 1188 757 1240 sermones,
777 1173 992 1238 cohortationes,

153 1254 364 1322 consolationes,
377 1254 519 1307 interdum
534 1253 618 1306 ctiam
633 1249 842 1322 abiurgationes
856 1253 886 1305 in
901 1254 994 1306 amici-

153 1333 202 1386 tiis
216 1334 315 1402 vigent
332 1335 461 1402 maxime,
475 1339 571 1402 estque
590 1350 623 1386 ea
640 1333 842 1386 iucundissima
861 1334 994 1402 amicitia,

155 1428 239 1481 quam
251 1413 408 1466 similitudo
421 1430 529 1466 morum
543 1413 714 1480 coniugavit.

191 1492 295 1546 XVIII.
321 1495 363 1544 59.
385 1493 440 1544 Sed
459 1491 489 1543 in
508 1492 552 1543 his
570 1492 700 1543 omnibus
721 1491 820 1544 officiis
837 1492 996 1545 tribuendis

155 1569 311 1622 videndum
324 1570 377 1622 erit
389 1571 459 1637 quid
472 1571 574 1638 cuique
584 1569 706 1622 maxime
717 1586 827 1622 necesse
840 1570 876 1623 sit
886 1575 914 1622 et
928 1572 996 1639 quid

157 1650 274 1719 quisque
284 1650 329 1704 vel
344 1650 402 1702 sine
416 1649 497 1701 nobis
510 1653 558 1702 aut
567 1649 657 1718 possit
666 1649 798 1718 consequi
811 1654 859 1703 aut
868 1666 924 1702 non
934 1667 997 1720 pos-

157 1731 202 1784 sit.
240 1731 284 1783 Ita
299 1745 356 1782 non
370 1729 458 1782 iidem
476 1733 557 1781 erunt
571 1729 808 1782 necessitudinum
825 1731 930 1800 gradus
948 1732 997 1799 qui

156 1816 324 1881 temporum,
335 1814 455 1878 suntque
467 1809 566 1870 officia,
576 1826 647 1878 quae
659 1810 721 1862 aliis
736 1811 826 1879 magis
839 1827 922 1878 quarn
935 1812 997 1865 aliis

157 1893 320 1958 debeantur,
331 1895 363 1942 ut
373 1889 496 1944 vicinum
509 1889 592 1943 eitius
602 1890 742 1943 adiuveris
751 1890 782 1942 in
791 1889 927 1945 fructibus
936 1909 996 1961 per·

157 1972 296 2042 cipiendis
309 1987 393 2039 quam
407 1975 455 2024 aut
468 1970 582 2024 fratrem
594 1975 643 2023 aut
652 1970 825 2040 familiarem,
836 1977 873 2040 at,
884 1972 907 2024 si
920 1973 954 2026 lis
966 1973 997 2024 in
1037 2016 1038 2019 ,

156 2052 265 2106 iudicio
281 2052 326 2120 sit,
339 2051 528 2122 propinquum
542 2051 638 2120 potius
653 2055 681 2104 et
696 2051 815 2104 amicum
831 2068 916 2120 quarn
930 2053 997 2106 vici-

156 2149 226 2185 num
239 2133 408 2188 defenderis.
435 2133 513 2185 Haec
524 2131 613 2201 igitur
626 2136 653 2184 et
664 2132 734 2184 talia
746 2132 997 2201 circumspicienda

158 2218 223 2266 sunt
237 2213 268 2265 in
282 2213 360 2265 omni
375 2213 466 2266 officio
482 2217 510 2266 et
525 2214 698 2265 consuetudo
716 2213 935 2282 exercitatioque
953 2229 999 2265 ca-

157 2292 270 2361 pienda,
279 2297 312 2345 ut
324 2293 390 2344 boni
403 2293 613 2346 ratiocinatores
625 2290 780 2343 officiorum
792 2307 850 2344 esse
859 2293 997 2359 possimus

159 2378 187 2424 et
200 2371 333 2424 addendo
349 2373 571 2440 deducendoque
583 2370 679 2422 videre
694 2385 765 2437 quae
777 2369 878 2439 reliqui
890 2388 997 2425 summa

157 2452 222 2504 fiat:
242 2467 277 2504 ex
290 2466 345 2518 quo
358 2455 493 2518 quantum
505 2451 606 2519 cuique
619 2450 753 2502 debeatur
762 2449 917 2518 intellegas.
949 2452 991 2502 60.

160 2532 216 2584 Sed
225 2535 258 2583 ut
269 2546 321 2582 nec
335 2530 439 2583 medici
447 2541 498 2583 nec
507 2530 687 2599 imperatores
699 2543 751 2580 nec
764 2534 891 2598 oratores,
903 2546 997 2598 quam·
1023 2551 1025 2556 ·

158 2611 201 2664 vis
212 2611 280 2664 artis
289 2615 439 2680 praecepta
447 2610 631 2680 perceperint,
641 2609 794 2678 quidquam
804 2625 906 2678 magna
914 2612 997 2664 laude

160 2693 280 2762 dignum
294 2692 353 2745 sine
364 2707 418 2744 usu
430 2698 458 2745 et
471 2691 666 2770 exercitatione
679 2690 812 2758 consequi
823 2696 948 2759 possunt,
959 2692 999 2763 sie

160 2773 245 2826 officii
257 2772 442 2826 conservandi
453 2777 599 2841 praecepta
612 2773 761 2824 traduntur
772 2772 821 2824 illa
834 2772 956 2840 quidem,
966 2779 999 2824 ut

159 2853 278 2907 facimus
291 2852 355 2922 ipsi,
369 2854 419 2906 sed
434 2852 474 2905 rei
489 2851 655 2921 magnitudo
670 2867 751 2904 usum
766 2868 878 2920 quoque
897 2851 1013 2912 exerui,

160 2935 351 3002 tationemque
365 2933 514 2986 desiderat.
544 2933 639 3000 Atque
655 2933 690 2984 ab
702 2931 738 2984 iis
750 2934 841 2999 rebus,
852 2949 922 3000 quae
935 2937 999 2984 sunt

160 3013 692 3080 iniuresocietatishumanae,quemad
700 3012 816 3065 modum
824 3012 999 3064 ducaturho-

160 3098 279 3160 nestum,
290 3109 324 3144 ex
337 3109 394 3161 quo
407 3097 505 3162 aptum
517 3097 559 3145 est
571 3091 701 3160 officium,
711 3091 779 3146 satis
791 3091 846 3144 fere
860 3091 991 3144 diximus.
