2274 3416
344 137 435 186 eATO
451 137 584 185 MAJOR.
620 137 697 186 eAP·
715 136 754 186 II.
772 136 825 186 111.
991 139 1006 186 3

157 217 231 285 Quid
242 220 285 272 est
299 216 371 271 enim
390 216 465 268 aliud
484 215 632 282 Gigantum
648 215 729 267 modo
745 214 850 268 bellare
866 229 928 268 cum
945 213 1006 268 Diis

155 295 208 349 nisi
228 298 343 347 naturae
366 294 538 360 repugnaret
582 298 604 345 6.
635 291 767 344 Ladmus.
810 291 905 358 Atqui.
929 289 1003 352 Cato,

156 369 341 440 gratissimum
364 368 449 434 nobis,
474 370 506 420 ut
534 366 617 419 ctiam
645 383 695 435 pro
720 367 845 434 Scipione
869 364 1005 433 pollicear,

156 445 259 510 feceris
284 445 313 508 si,
335 443 461 512 queniam
486 458 626 510 speramus
650 441 773 494 volumus
797 440 908 509 quidem
931 445 1006 492 certo

158 537 236 576 senes
248 521 316 588 ficri,
328 519 416 572 multe
427 521 492 571 ante
504 535 521 570 a
532 522 561 571 te
574 517 750 572 didicerimus
763 517 862 585 quibus
879 515 1007 584 facillime

157 596 307 650 rationibus
316 595 549 663 ingravescentem
558 596 678 646 aetatem
688 592 911 663 serrcpossimus.
924 591 1006 645 (isne.

159 671 267 726 Faciam
285 687 357 737 vero,
376 670 458 736 Laeli,
478 669 640 738 praesertim
657 669 679 721 si
699 669 809 737 utrique
828 671 957 733 vestrum,
975 672 1007 721 ut

158 747 233 815 dicis,
248 751 358 816 gratum
371 746 493 799 futurum
506 748 557 798 est.
593 745 679 798 Lanu.
715 744 849 798 Volumus
866 759 938 808 sane,
955 742 1005 795 nisi

157 823 302 878 molestum
313 825 363 886 est,
374 821 448 887 Cato,
461 824 601 889 tamquam
613 820 721 887 longam
733 819 852 888 aliquam
865 817 935 871 viam
946 835 1007 872 con-

157 899 254 952 feceris
266 914 349 966 quam
360 897 439 950 nobis
452 913 560 966 queque
576 895 785 963 ingrediendum
803 895 847 960 sit,
864 894 935 947 istuc
953 910 1007 961 que

157 973 307 1042 pervenisti
318 972 413 1026 videre
425 973 506 1040 quale
519 973 562 1025 sit.

213 1049 267 1102 ΙΙΙ.
308 1053 331 1106 7.
362 1049 446 1103 cluo.
484 1048 593 1100 Faciam
614 1050 646 1100 ιιι
670 1050 774 1116 potero,
799 1046 883 1102 Laeli.
920 1044 1009 1113 Saepe

158 1126 229 1178 enim
240 1125 353 1178 interfui
363 1123 482 1193 querelis
490 1139 613 1176 meorum
622 1122 894 1191 aequalium-pares
905 1125 1006 1181 autem,

157 1205 250 1255 vetere
261 1199 413 1268 proverbio,
426 1215 488 1254 eum
498 1198 610 1267 paribus
627 1198 755 1251 facillime
774 1202 1008 1265 congregantur-

159 1293 229 1344 quae
251 1276 280 1330 G.
299 1275 440 1341 Salinator,
461 1277 531 1342 quae
556 1274 600 1341 Sp.
620 1273 745 1338 Albinus,
769 1273 892 1326 homines
915 1289 1008 1324 cousu-

158 1350 228 1405 lares
243 1351 330 1406 nostri
343 1351 401 1405 fere
413 1350 540 1418 aequales
557 1349 700 1415 deplorare
718 1347 849 1415 celebant,
862 1351 920 1401 tum
933 1349 1007 1418 qued

158 1426 344 1495 voluptatibus
362 1429 487 1480 carerent
506 1425 564 1478 sine
584 1424 683 1490 quibus
704 1425 788 1478 vitem
808 1424 909 1478 nullam
929 1428 1009 1492 puta:

74 1553 76 1559 A
158 1505 227 1565 rent,
238 1505 298 1555 tum
312 1501 386 1569 qued
404 1504 597 1567 spernerentur
610 1499 690 1552 abiis
708 1515 725 1551 a
742 1498 842 1566 quibus
854 1503 945 1552 essent
957 1500 1007 1552 celi

159 1576 238 1628 soliti.
277 1576 330 1640 Qui
346 1573 414 1626 mihi
425 1589 479 1626 non
491 1573 521 1624 id
533 1573 697 1625 videbantur
709 1589 837 1626 accusare
849 1573 923 1641 qued
935 1578 1008 1628 essct
1022 1592 1031 1615 ·

159 1651 347 1706 accusandum.
392 1648 465 1702 Nam
490 1647 513 1702 si
535 1647 565 1701 id
588 1647 668 1716 culpa
692 1649 840 1702 senectutis
864 1648 1007 1716 accideret,
1049 1713 1052 1719 Ι

159 1726 256 1780 eadem
267 1725 334 1779 mihi
345 1742 397 1778 usu
408 1724 533 1778 venirent
544 1724 712 1792 reliquisque
724 1723 848 1778 omnihus
860 1724 1008 1792 majeribus

158 1805 232 1869 natu,
254 1817 369 1870 quorum
392 1817 443 1868 ege
462 1799 610 1853 multorum
631 1799 744 1866 cognovi
763 1802 931 1854 senectutem
950 1801 1008 1856 sine

159 1877 275 1946 querela,
295 1877 343 1950 qui
364 1892 393 1929 se
408 1879 437 1929 et
455 1875 598 1928 libidinum
619 1875 732 1928 vinculis
753 1874 859 1928 laxatos
878 1891 1008 1935 essenon

159 1953 272 2006 moleste
284 1951 388 2006 ferrent
402 1968 452 2004 nec
468 1969 485 2004 a
501 1952 557 2003 suis
575 1951 788 2017 despicerentur.
822 1951 877 2005 Sed
889 1953 1008 2004 omnium

159 2026 312 2080 istiusmodi
335 2027 507 2095 querelarum
530 2027 558 2078 in
583 2025 704 2078 moribus
727 2030 770 2079 est
793 2027 880 2094 culpa,
904 2043 957 2078 non
980 2028 1008 2078 in

159 2106 259 2156 aetate.
294 2102 432 2156 Moderati
453 2101 526 2155 euim
546 2104 575 2154 et
591 2117 642 2154 nec
662 2101 785 2154 difficiles
805 2118 855 2154 nec
870 2100 1008 2153 inhumani

160 2193 237 2232 senes
246 2178 416 2232 tolerabilem
425 2181 594 2230 senectutem
604 2180 704 2243 ag1mt;
715 2176 907 2244 importunitas
916 2180 1008 2228 autem

160 2256 189 2308 et
215 2253 399 2307 inhumanitas
428 2253 501 2306 omni
529 2253 614 2306 aetati
635 2253 750 2306 molesta
776 2257 826 2306 est.
868 2258 893 2305 8.
922 2251 1008 2306 huna

161 2327 219 2394 Est,
237 2337 270 2379 ut
288 2327 363 2394 dicis,
382 2328 465 2392 (late3
484 2328 533 2380 scd
553 2327 669 2380 fortasse
687 2329 789 2381 dixerit
807 2328 939 2395 quispiam
957 2327 1008 2382 tibi

159 2404 273 2472 prepter
292 2418 358 2469 opes
374 2405 403 2456 et
421 2403 513 2470 copias
530 2410 559 2456 et
576 2403 740 2470 dignitatem
758 2407 833 2456 tuam
847 2404 1010 2457 tolerabilia

159 2495 218 2532 rem
231 2480 400 2531 senectutem
412 2477 506 2544 videri,
524 2477 554 2530 id
572 2481 664 2531 autem
682 2495 735 2531 non
752 2494 831 2548 posse
842 2479 936 2532 multis
948 2495 1010 2530 cen.

159 2554 274 2621 tingere.
311 2554 394 2608 Onne.
427 2553 476 2606 llst
496 2553 567 2607 istuc
589 2554 707 2622 quidem,
729 2555 811 2620 Laeli,
830 2554 941 2623 aliquid,
960 2554 1010 2607 scd

159 2645 331 2698 nequaquam
356 2630 384 2682 in
409 2629 462 2682 isto
500 2633 563 2683 sunt
603 2632 699 2684 omnia
747 2632 787 2686 Ut
815 2631 1010 2684 'l'liernisteclcs

160 2703 248 2758 fertur
260 2704 384 2772 Seriphio
395 2705 503 2759 cuidam
521 2706 549 2758 in
563 2706 656 2773 jurgio
674 2707 854 2775 respondisse,
868 2723 952 2774 quum
964 2706 1010 2759 ille

160 2779 275 2832 dixisset
299 2797 352 2832 nen
373 2796 435 2832 eum
459 2797 508 2834 sus
530 2781 580 2833 sed
601 2782 706 2848 patriae
728 2782 815 2849 gloria
836 2781 1009 2850 splendorem
1066 2843 1071 2852 Ι

160 2858 327 2908 assecutum:
344 2855 523 2923 mehercule,
539 2857 637 2924 inquit,
653 2857 676 2910 si
694 2873 745 2925 ego
762 2858 902 2926 Seriphius
914 2873 1010 2922 essem,

160 2929 265 2994 nobilis,
288 2946 338 2982 nec
365 2934 403 2996 tu,
425 2931 447 2984 si
473 2931 650 2985 Atheniensis
671 2949 752 3000 esses,
777 2933 865 2988 clarus
891 2947 1009 2999 unquam

160 3003 264 3058 hiisses.
301 3005 381 3078 Quod
402 3005 498 3060 eedem
517 3007 598 3059 mode
618 3007 653 3060 de
675 3012 815 3062 senectute
836 3008 889 3060 dici
909 3009 1008 3072 potest.

161 3079 187 3135 N
189 3096 220 3134 ee
232 3080 304 3132 enim
316 3081 344 3132 in
357 3097 463 3134 summa
474 3082 565 3148 inopia
576 3081 644 3133 levis
656 3098 715 3134 esse
728 3086 853 3134 senectus
865 3082 957 3146 petest
973 3095 1009 3130 ne

161 3153 276 3218 sapienti
296 3155 415 3222 quidem,
434 3173 485 3209 nec
502 3155 640 3222 insipienti
662 3155 744 3207 ctiam
762 3155 789 3206 in
809 3167 915 3205 summa
932 3151 1009 3216 copia
